<?xml version="1.0" encoding="UTF-8"?><collection xmlns="http://www.loc.gov/MARC21/slim"><record><leader>00576nam--2200181-i-4500</leader><controlfield tag="001">000042903</controlfield><controlfield tag="002">20161230</controlfield><controlfield tag="005">20161230201043</controlfield><controlfield tag="008">060222s1000------------r-----000-0-fre-d</controlfield><datafield ind1=" " ind2=" " tag="040"><subfield code="a">IFIN-HH</subfield></datafield><datafield ind1=" " ind2=" " tag="041"><subfield code="a">fre</subfield></datafield><datafield ind1=" " ind2=" " tag="080"><subfield code="a">5635.233.243:551.513(043)</subfield></datafield><datafield ind1="1" ind2=" " tag="100"><subfield code="a">Stern Forgach,Catalina Elizabeth</subfield></datafield><datafield ind1="1" ind2="0" tag="245"><subfield code="a">Diffusion rayleigh et detection heterodyne optique application aux fluctuations atmospheriques</subfield><subfield code="b">These</subfield><subfield code="c">Catalina elizabeth stern forgach</subfield></datafield><datafield ind1=" " ind2=" " tag="260"><subfield code="a">Orsay</subfield><subfield code="b">Univeriste De Paris-sud</subfield><subfield code="c">1981</subfield></datafield><datafield ind1=" " ind2=" " tag="300"><subfield code="a">104 P</subfield></datafield><datafield ind1=" " ind2=" " tag="852"><subfield code="a">76569</subfield><subfield code="c">535</subfield></datafield><datafield ind1=" " ind2=" " tag="CAT"><subfield code="a">Sys</subfield><subfield code="c">20110125</subfield><subfield code="h">145839</subfield></datafield></record></collection>